3467 5317
304 452 309 457 ·
360 423 401 486 12
732 422 876 475 Somnium
896 421 1061 491 ScipionisI
1080 428 1157 476 1-2.

356 586 397 650 de
425 608 483 651 suo
511 607 626 672 regno,
655 585 710 649 ille
738 607 790 653 me
819 585 857 649 de
885 590 997 649 nostra
1024 607 1058 650 re
1086 585 1215 669 publica
1242 589 1449 670 percontatus
1478 590 1540 667 est,

356 676 532 759 multisque
560 675 667 739 verbis
694 674 781 739 ultro
811 675 956 757 citroque
984 674 1104 739 habitis
1128 674 1183 738 ille
1206 674 1300 739 nobis
1324 679 1539 758 consumptus

357 767 406 828 est
429 764 506 828 dies.

446 856 475 916 2.
520 853 600 918 Post
623 855 730 917 autem
755 857 910 937 apparatu
933 854 1022 939 regio
1047 852 1171 936 accepti
1194 873 1373 916 sermonem
1399 852 1434 915 in
1454 852 1538 916 mul-

331 946 423 1007 etam
446 946 574 1007 noctem
597 943 817 1026 produximus,
840 964 912 1007 cum
937 963 1034 1006 senex
1056 941 1140 1005 nihil
1161 942 1225 1005 nisi
1249 942 1288 1005 de
1310 940 1464 1006 Africano
1489 941 1538 1005 lo-

357 1037 507 1115 queretur
528 1030 699 1115 omniaque
718 1033 786 1095 eius
805 1053 871 1095 non
889 1031 975 1095 facta
993 1033 1108 1113 solum,
1132 1030 1186 1094 sed
1205 1031 1302 1095 etiam
1322 1030 1408 1096 dicta
1426 1032 1538 1095 memi-

355 1120 463 1185 nisset.
501 1119 634 1206 Deinde,
653 1124 690 1184 ut
709 1120 854 1184 cubitum
873 1120 1088 1202 discessimus,
1107 1141 1159 1184 me
1179 1123 1210 1183 et
1231 1120 1268 1183 de
1288 1119 1340 1182 via
1353 1120 1485 1205 fessum,
1504 1123 1538 1184 et

356 1210 411 1292 qui
435 1211 474 1274 ad
498 1211 633 1274 multam
656 1214 785 1275 noctem
804 1210 998 1295 vigilassem,
1022 1210 1123 1273 artior
1142 1231 1237 1292 quam
1258 1208 1383 1273 solebat
1402 1231 1537 1274 somnus

356 1299 545 1383 complexus
569 1303 624 1363 est.
666 1298 730 1364 Hic
753 1299 902 1362 mihi-
925 1294 1018 1362 oredo
1043 1297 1190 1382 equidem
1211 1320 1250 1360 ex
1268 1297 1340 1381 hoo,
1363 1298 1450 1381 quod
1469 1321 1537 1362 era-

314 1412 340 1451 ro
354 1410 425 1451 mus
453 1388 568 1472 locuti3
596 1388 635 1452 fit
663 1390 746 1451 enim
775 1388 853 1471 fere,
882 1392 919 1451 ut
943 1388 1156 1473 cogitationes
1180 1408 1406 1470 sermonesque
1429 1388 1536 1451 nostri

353 1479 482 1562 pariant
510 1476 632 1559 aliquid
659 1477 694 1540 in
722 1498 834 1541 somno
863 1478 940 1555 tale,
970 1478 1063 1559 quale
1092 1477 1130 1541 de
1156 1475 1299 1540 Homero
1328 1476 1442 1541 scribit
1468 1476 1536 1540 En-

353 1566 436 1649 niuS,
465 1566 503 1629 de
532 1588 595 1648 quo
624 1565 774 1630 videlicet
801 1568 986 1651 saepissime
1013 1565 1152 1651 vigilans
1181 1565 1306 1629 solebat
1335 1565 1476 1651 cogitare
1504 1568 1537 1629 et

354 1656 444 1738 loqui
464 1692 507 1701 -
525 1654 698 1720 Africanus
722 1678 755 1719 se
779 1655 921 1719 ostendit
945 1676 981 1719 ea
999 1655 1112 1739 forma,
1137 1676 1217 1738 quae
1236 1653 1317 1718 mihi
1336 1676 1375 1719 ex
1394 1654 1538 1739 imagine

354 1744 423 1808 eius
456 1766 553 1828 quam
587 1767 625 1807 ex
659 1745 729 1829 ipso
763 1749 832 1808 erat
858 1745 981 1828 notior3
1014 1765 1109 1827 quem
1138 1743 1194 1807 ubi
1222 1746 1354 1828 agnovi,
1387 1744 1537 1826 equidem

353 1956 441 2027 pflegt
472 1956 511 2008 im
540 1956 739 2009 Lateinisohen
772 1958 818 2010 ein
848 1957 917 2009 zwei
1008 1960 1032 2009 8.
1052 1957 1141 2009 artior
1159 1972 1241 2023 quam
1259 1956 1485 2011 solebutsomaas
1501 1982 1535 2003 =

355 2026 455 2080 Sttzen
479 2027 684 2096 gemeinsames
704 2027 916 2081 Prtdikatsvar-
970 2027 1050 2081 solito
1064 2028 1152 2081 artior·
1165 2042 1277 2080 somaas
1293 2026 1350 2079 ‘ein
1364 2028 1537 2095 ungewdhn-

353 2097 421 2150 bum
444 2116 498 2151 nur
520 2098 559 2151 im
582 2098 687 2152 letzten
707 2098 789 2152 Satze
808 2100 917 2170 gesetzt
970 2097 1028 2151 lich
1043 2098 1127 2151 tiefer
1142 2096 1259 2163 Schlaf',
1273 2097 1330 2167 vgl.
1342 2097 1376 2151 de
1391 2098 1445 2151 inv.
1456 2098 1490 2164 H,
1503 2104 1536 2152 14

353 2169 411 2221 und
430 2170 503 2222 auch
522 2187 575 2223 nur
593 2188 656 2223 zum
671 2169 807 2239 Subjekte
825 2171 917 2223 dieses
972 2171 1084 2223 artius
1121 2187 1153 2223 ea
1186 2171 1349 2223 lassitudine
1380 2170 1537 2225 dormire.

354 2240 449 2294 Satzes
496 2240 670 2294 konstruiert
715 2260 750 2295 zu
796 2243 916 2296 werden.
971 2240 1024 2293 Die
1048 2240 1166 2293 Dichter
1193 2257 1280 2309 sagon
1307 2258 1417 2295 somnus
1444 2243 1536 2296 altas

354 2311 533 2380 Syllepsis.
589 2312 665 2365 Lael.
707 2319 741 2367 30
783 2331 829 2383 eqo
867 2315 917 2368 ad·
971 2313 1029 2365 und
1048 2314 1124 2380 quies
1142 2313 1222 2366 alta.
1260 2312 1411 2383 (Anhang.)

353 2386 498 2437 miratione
518 2384 636 2451 quadam
656 2385 767 2438 virtutis
785 2387 852 2450 aias,
871 2386 917 2438 ille
1009 2389 1051 2437 10.
1070 2386 1125 2451 sere
1146 2383 1250 2449 ‘meist
1269 2384 1299 2435 in
1320 2384 1368 2436 der
1384 2383 1483 2453 Regel’
1500 2410 1534 2428 =

353 2456 472 2509 vicissim
490 2456 619 2522 opinione
637 2454 752 2521 fortasse
770 2456 916 2522 manullo,
966 2456 1135 2523 pleramque.

353 2543 436 2594 qaam
454 2528 487 2580 dc
505 2528 571 2579 meis
588 2528 710 2580 marchias
727 2527 855 2593 habebat,
876 2543 917 2580 aie
1008 2532 1049 2578 11.
1058 2527 1176 2593 pariant
1186 2524 1329 2593 aliquidff.
1350 2524 1402 2577 Die
1413 2525 1536 2580 Titume

353 2599 458 2652 dilexit.
972 2597 1035 2650 sind
1051 2595 1243 2650 Naohbilder
1263 2595 1311 2649 des
1326 2614 1371 2648 am
1386 2596 1464 2666 Tage
1479 2597 1535 2651 Ge-

391 2676 413 2722 1.
429 2670 461 2723 de
474 2686 524 2724 suo
538 2687 629 2739 regau.
654 2670 728 2725 Sacas
742 2670 813 2723 wird
828 2670 915 2723 ditare
971 2668 1095 2721 dachten
1113 2668 1172 2720 und
1192 2666 1335 2721 Erlehten.

353 2739 399 2792 bei
414 2739 608 2810 Gegensdtzen
626 2741 679 2793 mit
693 2741 788 2811 Bezug
806 2741 859 2794 auf
870 2742 916 2795 ein
1009 2740 1037 2809 Q.
1046 2741 1168 2803 Eunias,
1179 2739 1241 2809 geb.
1253 2757 1287 2791 zu
1295 2739 1404 2792 Rudiae
1412 2739 1441 2791 in
1449 2738 1536 2793 Kala-

352 2827 621 2881 vorangegangenes
641 2810 745 2879 Objekt
768 2813 840 2865 statt
858 2815 917 2867 eius
971 2810 1049 2863 brien
1061 2816 1112 2863 239
1124 2829 1146 2863 v.
1157 2809 1539 2879 Chr.,bertihmterepischer

354 2882 516 2951 gebraucht.
538 2881 780 2951 tegimentis
809 2883 918 2938 Solebat
970 2882 1029 2933 und
1062 2881 1266 2935 dramatischer
1297 2881 1422 2935 Dichter.
1469 2881 1538 2937 Scin

353 2971 387 3007 cc
404 2971 445 3007 me
464 2955 615 3008 Deiotarus
630 2956 789 3022 poemiam?
806 2958 917 3010 nostri
971 2952 1146 3020 Hauptwerk
1165 2951 1229 3005 sind
1243 2951 1289 3005 die
1304 2953 1467 3021 Annalem
1487 2954 1536 3007 ein

354 3028 469 3095 autgarii
496 3026 686 3094 disciplinam,
718 3043 766 3096 eqo
793 3044 827 3081 ea
855 3028 867 3079 i
873 3028 917 3081 llo
976 3023 1193 3092 Nationalepos,
1217 3023 1246 3076 in
1269 3023 1403 3078 walchem
1424 3042 1453 3077 er
1472 3044 1537 3079 zum

354 3098 416 3150 sai.
445 3096 594 3167 (Anhang.)
916 3145 918 3148 ,
972 3096 1122 3149 erstenmal
1141 3096 1195 3148 den
1213 3095 1408 3164 griechischen
1428 3096 1536 3151 Hexa-

389 3168 422 3221 de
440 3174 534 3222 aostm
552 3169 711 3236 republica
731 3169 816 3220 ‘nach
835 3185 917 3221 unse·
971 3169 1078 3219 meter
1101 3184 1138 3219 an
1157 3166 1243 3221 Stelle
1267 3167 1315 3220 des
1335 3166 1536 3222 altrdmisohen

354 3254 403 3291 ren
421 3238 592 3307 politischen
610 3237 844 3292 Verh'altnissen'.
972 3238 1167 3291 saturnischen
1177 3236 1277 3292 Verses
1291 3238 1470 3308 gebrauchte.
1493 3240 1536 3293 lm

390 3316 414 3363 2.
433 3312 579 3377 multisque
597 3311 685 3365 vatis
698 3308 726 3363 ff.
748 3311 815 3363 ‘und
834 3313 918 3364 unter
971 3308 1536 3378 EingangederAnnalen‚beiderenAb-

354 3379 445 3433 vielen
471 3380 713 3450 weohselseitigcn
737 3380 917 3451 Gesprttchen
972 3380 1089 3449 fassung
1111 3379 1168 3433 ihm
1190 3380 1294 3434 Homer
1312 3380 1353 3434 als
1372 3381 1450 3435 Ideal
1471 3398 1536 3436 vor-

352 3451 456 3506 verfloss
475 3469 527 3506 uns
547 3453 601 3505 -’.
973 3451 1113 3506 schwebte
1128 3451 1203 3521 (Hor.
1220 3453 1302 3520 epist.
1317 3452 1349 3517 Π,
1371 3459 1394 3520 1,
1413 3454 1538 3509 doctior
1610 3472 1611 3477 ¹

390 3525 477 3589 notis,
487 3524 540 3593 eig.
555 3524 666 3578 dativus
677 3525 824 3578 commodi.
850 3525 916 3594 (An-
973 3524 1125 3591 Homerus),
1137 3524 1220 3575 stand
1235 3523 1470 3594 folgenderVers,
1486 3526 1540 3579 auf

353 3596 449 3665 hang).
970 3593 1095 3648 walchen
1110 3592 1205 3647 Cicero
1220 3594 1281 3649 hier
1294 3594 1443 3649 hindeutet
1475 3599 1538 3669 <Ia

390 3674 414 3722 4.
444 3669 546 3735 accepti
579 3666 740 3721 ‘bewirtet’.
787 3666 850 3735 Vgl.
880 3666 916 3720 ad
969 3666 1072 3719 somnis
1089 3666 1178 3733 miti>
1197 3668 1272 3721 cisae
1286 3667 1423 3723 Humane
1442 3670 1537 3722 adesse

354 3738 413 3791 Att.
431 3737 457 3790 II
477 3742 559 3808 16‚4
583 3744 608 3791 te
626 3768 659 3776 —
679 3738 797 3806 hospitio
816 3740 917 3809 agresti
965 3742 1057 3806 poeta.

355 3826 552 3935 aliitffliiiiiliiim
567 3887 669 3935 uocum
689 3880 744 3934 ‘bis
758 3879 814 3933 tief
824 3880 854 3933 in
870 3880 916 3935 die
970 3810 1536 3951 deharileiski'dlayslldlltenAllidjldlidlgdd:

354 3951 447 4005 Naoht
471 3952 588 4017 hincin’3
615 3951 709 4021 gleich
731 3952 856 4005 nachher
879 3953 917 4006 acl
971 3951 1056 4005 deren
1079 3950 1180 4004 Ahnen
1203 3951 1248 4004 ein
1271 3950 1447 4007 kurulisches
1466 3954 1537 4007 Amt

354 4026 469 4077 maltam
495 4030 606 4078 noman.
650 4023 714 4093 Vgl.
739 4022 798 4077 aas.
821 4042 856 4077 m.
881 4029 915 4076 46
971 4020 1115 4077 belrlcidet
1147 4022 1246 4077 hatten
1278 4025 1333 4092 (ias
1360 4026 1538 4095 imaginum),

354 4097 508 4148 mactatam
526 4097 564 4149 ad
582 4096 698 4150 mattam
716 4102 820 4149 noctem
838 4098 916 4150 vario
970 4094 1000 4147 in
1019 4094 1192 4149 besonderen
1212 4093 1410 4149 Schr'ankohen
1430 4099 1537 4164 (aima-

353 4183 473 4221 sermone
486 4168 674 4235 prodeamus.
970 4167 1025 4233 ria)
1044 4165 1083 4218 im
1102 4165 1213 4218 Atriam
1232 4165 1288 4220 auf.

391 4242 414 4289 t.
443 4238 475 4292 de
502 4239 549 4292 oia
575 4237 694 4307 ‘infolge
718 4237 766 4291 des
790 4237 915 4308 Weges’.
1008 4242 1049 4290 14.
1073 4254 1107 4291 aa
1125 4238 1184 4305 ipm
1205 4238 1290 4291 ‘nach
1308 4236 1400 4291 seiner
1417 4244 1538 4305 person-

355 4307 391 4361 So
414 4310 447 4362 de
468 4325 523 4362 von
543 4309 593 4363 der
610 4308 774 4362 wirkenden
793 4308 916 4363 Ursaohe
970 4306 1065 4362 lichen
1078 4308 1292 4378 Eischeinung'.
1320 4308 1374 4362 Din
1389 4308 1537 4361 Anaohro-

354 4379 440 4432 Aoad.
453 4382 526 4449 post.
541 4380 554 4433 I
570 4386 583 4432 1
600 4380 632 4435 de
646 4380 916 4447 oiafeesus;Plaut.
970 4380 1091 4447 nismus,
1120 4380 1156 4432 da
1184 4381 1256 4434 nach
1280 4379 1390 4433 Ciceros
1412 4379 1537 4449 Angabe
1612 4374 1613 4445 Ϋ

355 4450 454 4504 Pseud.
470 4456 520 4504 so1
546 4453 635 4506 lassas
657 4453 690 4505 de
708 4454 756 4506 oia
773 4470 800 4505 u.
820 4451 917 4521 hdulig
970 4449 1040 4519 (cer.
1051 4469 1088 4504 m.
1100 4455 1143 4521 19)
1159 4451 1306 4505 dertltcre
1316 4451 1410 4519 Scipio
1422 4454 1473 4504 186
1484 4466 1536 4521 ge·
1612 4480 1613 4485 =

354 4522 408 4576 mit
429 4540 527 4589 causa,
550 4522 603 4575 wie
627 4523 698 4577 oben
718 4529 733 4589 ξ
750 4530 763 4576 1
783 4524 865 4576 iustis
884 4523 916 4576 de
970 4522 1084 4575 sterben
1094 4522 1177 4591 (nach
1186 4522 1319 4592 Polybius
1329 4522 1359 4574 in
1370 4521 1537 4577 demselben

353 4596 454 4661 cauam,
472 4598 519 4661 §t
539 4595 625 4649 altera
643 4595 677 4647 de
694 4610 787 4649 eausa.
969 4592 1055 4647 Jahre
1067 4593 1120 4646 mit
1128 4593 1253 4647 Hanibal
1262 4592 1319 4646 und
1330 4592 1537 4661 Philopoemen
