3467 5317
340 438 382 503 16
713 439 858 492 Somnium
878 439 1016 509 Scipionis
1031 440 1068 491 111
1083 446 1151 493 6-7

332 603 506 687 eipi'deo‚
534 602 591 685 qui
620 623 748 667 omnem
774 603 932 667 mundum
960 604 1059 687 regit,
1091 602 1178 686 quod
1207 603 1336 686 quidem
1364 604 1397 665 in
1425 605 1520 667 terris

336 692 409 775 fiat,
436 691 599 774 aoeeptius
627 713 722 774 quam
752 691 890 756 eoncilia
914 695 1088 774 coetusque
1111 692 1280 756 hominum
1304 692 1374 756 iure
1397 693 1519 775 sociati,

338 801 420 863 quae
452 780 599 846 civitates
631 781 844 865 appellantur.
895 780 1019 845 Harum
1048 784 1191 845 rectores
1218 786 1250 845 et
1278 785 1520 845 conservatores

336 868 415 935 hine
436 870 575 952 profecti
598 870 663 934 hue
683 874 898 935 revertuntur.

305 985 323 1025 s
428 958 458 1022 6.
504 957 568 1023 Hie
595 980 670 1043 ego,
697 962 760 1023 etsi
786 981 873 1023 eram
901 959 1091 1042 perterritus
1114 980 1181 1021 uon
1204 963 1270 1021 tam
1294 959 1409 1023 mortis
1432 964 1521 1023 metu

338 1067 435 1131 quam
467 1047 657 1112 insidiarum
690 1071 709 1112 a
740 1048 835 1131 meis,
873 1048 1019 1131 quaesivi
1050 1050 1160 1111 tamen
1191 1049 1354 1111 viveretne
1385 1046 1455 1130 ipse
1487 1052 1520 1110 et

337 1136 458 1201 Paulus
486 1140 579 1219 pater
603 1141 636 1200 et
658 1136 728 1214 alii,
757 1159 838 1221 quos
860 1159 921 1201 nos
944 1138 1106 1201 extinctos
1129 1135 1368 1199 arbitraremur.
1413 1134 1520 1201 Immo

338 1247 429 1308 vere,
456 1226 576 1308 inquit,
603 1226 640 1289 hi
667 1226 796 1309 vivunt,
823 1226 881 1309 qui
909 1248 928 1290 e
955 1247 1127 1308 corporum
1153 1225 1290 1290 vinculis
1313 1228 1479 1308 tamquam
1503 1248 1520 1289 e

339 1336 464 1379 caruere
488 1314 710 1398 evolaverunt,
738 1319 845 1380 vestra
870 1336 960 1392 vero,
989 1336 1071 1398 quae
1098 1314 1231 1397 dieitur,
1257 1314 1325 1377 vita
1352 1320 1520 1379 moreest.

298 1432 325 1472 ιο
339 1402 425 1480 Quin
453 1407 490 1467 tu
517 1405 635 1487 aspicis
663 1404 703 1468 ad
730 1408 763 1469 te
790 1406 971 1469 venientem
995 1402 1130 1467 Paulum
1159 1403 1308 1486 patrem?
1354 1402 1455 1478 Quem
1483 1410 1518 1466 ut

338 1493 419 1575 vidi,
452 1491 600 1576 equidem
633 1494 700 1556 vim
727 1492 933 1558 lacrimam
962 1492 1105 1577 profudi,
1137 1491 1193 1555 ille
1221 1497 1328 1555 autem
1356 1514 1407 1556 me
1436 1513 1521 1556 eom·

338 1584 453 1665 plexus
476 1585 573 1664 atque
597 1584 747 1646 oseulans
770 1583 847 1646 flere
870 1581 1073 1666 prohibebat.

337 1781 404 1828 suut
422 1774 521 1828 stehen
540 1791 576 1827 an
591 1775 693 1829 dritter
707 1774 802 1843 Stella,
821 1793 902 1829 wenn
957 1775 1052 1827 uultus
1066 1776 1105 1828 ab
1119 1775 1195 1827 iilis
1208 1773 1363 1828 iusidias
1378 1774 1463 1839 fuisse
1476 1775 1520 1827 di-

339 1845 401 1899 sieh
415 1862 469 1901 esse
483 1844 635 1899 enklitiseh
643 1863 680 1899 an
691 1846 737 1900 ein
746 1846 800 1899 mit
809 1846 901 1900 Nach-
956 1846 1040 1911 metu
1058 1846 1092 1897 de
1116 1844 1176 1899 har.
1200 1861 1273 1913 resp.
1289 1850 1322 1897 39
1342 1863 1360 1899 α
1379 1846 1522 1913 disquire

339 1916 429 1969 druclr
445 1918 683 1971 voranstehendes
697 1918 779 1971 Wort
793 1918 902 1986 (beson-
954 1923 1041 1985 potest
1058 1917 1164 1970 lwmiui
1179 1918 1269 1970 maior
1282 1933 1336 1971 esse
1346 1933 1454 1983 poena
1474 1917 1521 1982 fu-

339 1988 403 2040 dere
426 1987 524 2058 haufig
547 1990 625 2056 quis?
644 1987 732 2057 quid?
749 1990 830 2057 utlaii)
853 2006 902 2043 an·
956 2005 1017 2042 rore
1036 1994 1117 2057 atque
1135 1986 1290 2041 dementia?

340 2058 469 2112 sehliesst.
994 2064 1017 2112 7.
1032 2060 1119 2113 Immo
1130 2062 1201 2113 stete
1211 2057 1417 2127 beriehtigend‚
1432 2057 1521 2111 daher
1623 2060 1625 2083 ⁴

378 2137 401 2183 1.
416 2129 489 2198 quod
502 2132 717 2199 quidem—fiat
732 2131 796 2185 ‘ven
808 2130 902 2199 silem,
957 2129 1025 2183 bald
1044 2158 1078 2175 =
1098 2128 1139 2198 ‘ja
1170 2130 1327 2193 vielmehr‘‚
1359 2128 1429 2182 bald
1456 2129 1520 2195 (wie

339 2218 397 2253 was
412 2204 455 2269 (=
467 2201 493 2254 ei
514 2203 632 2255 ,soweit
646 2205 686 2272 es)
701 2203 754 2256 auf
765 2203 815 2257 der
829 2202 902 2256 Erde
958 2200 1028 2269 hier)
1043 2228 1077 2247 =
1094 2200 1172 2253 ‘nein
1201 2200 1357 2261 vielmehr'‚
1386 2200 1426 2253 im
1453 2198 1520 2269 Ggs.

340 2273 478 2341 vorgeht'.
493 2220 904 2342 llerKonjunhtivbesehran-
958 2290 991 2324 zu
1019 2275 1151 2326 eutiuutos
1178 2271 1243 2325 sehr
1270 2270 1367 2340 hitufig
1393 2270 1425 2323 in
1452 2273 1518 2323 Ant-

340 2342 424 2410 kend‚
439 2344 493 2396 wie
512 2343 609 2413 haufig
627 2347 700 2413 quod
718 2348 811 2413 seiam,
831 2348 904 2415 quod
957 2348 1064 2397 werten
1082 2344 1141 2396 und
1156 2343 1198 2396 oft
1212 2342 1351 2397 verstarkt
1366 2342 1455 2395 duroh
1468 2342 1515 2393 das

340 2415 514 2468 numiuerim.
958 2414 1154 2469 versichernde
1173 2432 1241 2469 vero.

377 2492 402 2538 2.
421 2487 539 2539 coucilia
557 2493 705 2554 coetusque.
734 2486 821 2541 Beide
840 2485 903 2539 alli-
994 2490 1018 2537 8.
1051 2488 1100 2553 qui
1136 2503 1149 2539 e
1181 2502 1324 2554 corporum
1356 2486 1475 2539 vtuuuts
1490 2482 1520 2537 ff.

341 2556 497 2610 terierende
530 2559 556 2627 (o
570 2584 604 2602 =
619 2557 662 2626 kt)
690 2558 803 2611 Wtrter
830 2558 903 2611 aueh
958 2556 1039 2609 Nseh
1074 2555 1523 2624 Pythagoreiseh-Platoniseher

291 2668 308 2681 κ
339 2627 448 2681 Catm.
460 2633 494 2682 84
507 2627 684 2682 verbunden:
701 2647 716 2684 ο
726 2632 904 2699 praeclarum
959 2628 1048 2681 Lehre
1073 2626 1184 2697 erlangt
1207 2627 1253 2680 die
1270 2626 1349 2681 Seele
1368 2629 1426 2683 eret
1444 2627 1523 2681 dann

341 2700 426 2764 ctiam,
452 2716 514 2754 uem
541 2703 573 2753 iu
596 2702 725 2755 diuinum
748 2704 904 2756 animorum
959 2698 1019 2753 ihre
1042 2697 1256 2767 ursprsrngliehe
1280 2698 1417 2767 gottliehe
1437 2697 1524 2751 Reiu-

341 2771 488 2825 eourilium
536 2779 692 2840 coetumque
736 2774 902 2839 prosiusear.
959 2768 1020 2824 heit
1042 2770 1159 2836 wieder,
1182 2786 1263 2823 wenn
1282 2769 1323 2823 sie
1342 2770 1388 2823 die
1407 2768 1523 2825 Fesseln

341 2841 492 2911 (Anhang.)
960 2842 1009 2894 des
1032 2840 1168 2909 Korpers‚
1197 2842 1247 2895 der
1274 2840 1320 2893 ein
1343 2839 1449 2894 Kerker
1476 2840 1525 2892 fur

377 2914 437 2966 iure
459 2914 558 2967 sociati
584 2911 648 2964 ‘auf
669 2913 719 2966 der
740 2912 905 2982 Grundlage
960 2912 1006 2965 die
1022 2910 1101 2965 Seele
1120 2911 1165 2977 ist,
1181 2911 1348 2981 abgestreift
1362 2912 1419 2965 hat.
1448 2910 1523 2964 Plat.

338 2983 391 3037 des
418 2983 520 3037 Rechts
543 2983 733 3054 gesehlossen'
758 2984 904 3053 Rep.139
959 2983 1073 3037 Phaedo
1093 3001 1120 3051 p.
1136 2983 1194 3036 evd
1219 2983 1279 3051 (τὴν
1302 2982 1408 3053 ψυχὴν)
1428 2983 1524 3036 ἐκλυο-

340 3062 381 3108 est
402 3072 444 3109 res
463 3056 578 3124 publiea
595 3073 637 3110 res
651 3057 765 3125 populi,
783 3059 905 3125 populus
960 3053 1048 3123 μένην
1076 3052 1166 3121 ὥσπερ
1196 3054 1225 3107 ἐν
1254 3058 1385 3123 δεσμῶν
1413 3056 1444 3108 ἐκ
1471 3062 1523 3107 τοῦ

340 3132 432 3181 autem
459 3144 516 3180 νυνι
541 3130 632 3181 ονιννέ
653 3129 793 3181 luminum
816 3133 906 3182 coetus
960 3128 1098 3194 σώματοςς
1122 3125 1198 3180 Lael.
1215 3130 1248 3179 14
1265 3132 1298 3179 ut
1315 3127 1413 3193 optimi
1430 3126 1525 3179 cuitus-

342 3214 448 3266 quoquo
462 3199 541 3253 modo
555 3205 740 3268 euprepium,
756 3200 803 3252 sed
816 3206 906 3253 coetus
959 3215 1010 3265 que
1029 3199 1140 3251 unimus
1153 3198 1184 3249 iu
1198 3204 1282 3251 morte
1295 3196 1427 3262 facillime
1441 3198 1526 3251 evolet

343 3268 531 3323 multitudiuis
562 3271 654 3323 iuris
685 3285 848 3324 eouseusu
881 3277 906 3324 et
960 3268 1521 3336 tamquaueeustodiuviuculisque

340 3341 515 3394 utilitatis
533 3342 762 3395 commuuione
774 3343 903 3395 epotatus.
959 3340 1096 3408 eorporis;
1115 3336 1175 3392 Cat.
1190 3356 1226 3391 m.
1243 3344 1275 3391 77
1291 3339 1355 3392 dum
1369 3356 1466 3393 sumus
1479 3340 1524 3392 iu-

379 3418 403 3463 4.
428 3412 493 3465 hine
512 3412 630 3479 profecti
652 3414 705 3467 tue
723 3419 904 3467 revertuntur.
960 3412 1030 3465 elusi
1047 3412 1079 3463 iu
1096 3412 1139 3465 iris
1153 3411 1372 3480 eompapibus
1385 3411 1524 3478 corpori&

343 3481 424 3535 Naeh
434 3481 515 3536 Plato
525 3482 632 3538 bildete
643 3483 905 3552 derWeltsehopfer
960 3481 1041 3535 Tuse.
1056 3481 1069 3533 I
1084 3486 1117 3535 75
1132 3484 1181 3550 qui
1194 3483 1225 3535 iu
1239 3482 1451 3550 compedibus
1465 3498 1525 3535 eor·

344 3569 445 3607 unsere
464 3553 542 3608 Seele
562 3570 613 3608 aus
632 3554 793 3609 demselben
808 3554 904 3608 Stoffe.
956 3554 1036 3623 poris
1053 3570 1155 3621 semper
1173 3553 1294 3619 fuerunt.

343 3625 396 3678 wie
420 3625 466 3678 die
484 3624 649 3692 Weltseele‚
674 3626 742 3680 aber
764 3627 794 3679 in
813 3626 905 3695 gerin-
998 3630 1021 3677 9.
1045 3631 1133 3679 uestra
1156 3640 1217 3678 uero
1241 3655 1274 3663 -
1298 3624 1356 3678 uita
1381 3640 1453 3678 mors
1477 3630 1526 3677 est.

344 3711 424 3765 gerer
445 3695 586 3750 Reinheit.
627 3695 719 3750 Wenn
747 3696 824 3751 disse
848 3715 906 3750 nun
961 3694 1042 3749 Tusa.
1057 3695 1070 3748 Ι
1085 3701 1117 3749 75
1136 3711 1189 3763 quo
1204 3712 1269 3749 eum
1286 3696 1446 3761 venerimus,
1465 3700 1525 3749 tum

342 3766 383 3819 im
406 3766 559 3822 leibliehen
578 3767 681 3820 Dasein
701 3768 747 3821 die
766 3767 906 3822 Sinnlieh-
962 3767 1076 3836 deuiuue
1090 3769 1216 3821 uiuamus.
1245 3767 1321 3820 Num
1335 3768 1401 3821 leaeo
1414 3766 1528 3833 quidem

344 3837 405 3891 keit
431 3838 621 3892 tiberwundeu
649 3840 707 3891 und
730 3840 791 3892 siah
812 3839 907 3894 edlem
961 3840 1019 3893 vitu
1033 3856 1104 3893 mors
1118 3845 1172 3903 est;
1188 3836 1247 3891 Cat.
1263 3856 1298 3891 m.
1316 3842 1347 3889 77
1363 3854 1410 3907 epo
1425 3843 1530 3891 rresuos

344 3908 461 3964 Streben
476 3909 654 3980 hingegeben
668 3910 749 3977 habe,
763 3909 856 3965 werde
866 3911 907 3966 sie
957 3917 1065 3979 patres,
1092 3912 1126 3963 P.
1146 3909 1250 3977 Su'pio,
1279 3914 1360 3977 tuque
1385 3908 1414 3961 0.
1434 3908 1530 3973 Laeli,

345 3979 449 4035 wieder
466 3980 497 4035 in
515 3980 577 4035 ihre
595 3982 688 4035 wahre
707 3981 822 4043 Heimat
838 3981 906 4051 (vgl.
961 3984 1047 4036 viuere
1061 3982 1181 4035 arbitror
1195 3987 1219 4034 et
1233 3997 1292 4034 eum
1306 3979 1414 4049 quidem
1428 3980 1529 4045 uitam,

343 4058 360 4117 ς
376 4058 408 4105 21
429 4054 461 4107 iu
478 4053 551 4107 tatu
562 4053 651 4108 aedem
664 4060 690 4108 et
703 4054 813 4108 ἀννιννν
826 4071 907 4108 suam
961 4069 1030 4121 quae
1049 4059 1088 4106 est
1104 4053 1164 4106 sola
1182 4053 1240 4106 eita
1258 4051 1438 4105 uomiuaudu.

345 4123 403 4176 und
428 4128 492 4190 §1⁷
517 4125 589 4178 haue
611 4125 698 4178 sedem
720 4132 745 4179 et
767 4132 907 4179 aeteruum
999 4128 1039 4176 10.
1057 4124 1132 4193 Quin
1146 4128 1177 4177 tu
1191 4124 1301 4191 aspicis,
1315 4138 1422 4175 warum
1434 4120 1532 4175 siehst

341 4196 474 4265 domiuo),
484 4194 676 4262 denHimmel‚
686 4195 907 4251 uurdekkehren,
962 4195 1001 4247 du
1013 4194 1092 4248 nieht
1102 4221 1135 4239 =
1147 4194 1193 4260 ‘ei
1204 4211 1234 4247 so
1245 4193 1322 4247 siehe
1333 4193 1426 4247 dooh'.
1448 4192 1532 4261 Quin

345 4265 409 4335 Vgl.
434 4283 467 4320 zu
487 4273 502 4333 ξ
517 4272 550 4320 21
575 4266 633 4319 und
652 4284 687 4320 au
705 4273 721 4333 5
736 4272 751 4320 7
771 4285 804 4322 ex
821 4269 906 4321 torui·
961 4266 1032 4319 wird
1045 4266 1075 4319 in
1089 4264 1273 4336 ungeduldig,
1292 4263 1404 4317 lebhaft
1418 4262 1532 4319 suffor-

344 4355 413 4391 uum
430 4340 489 4393 vitu
506 4339 684 4409 ariprandum
702 4346 748 4393 est.
963 4337 1087 4391 deruden
1097 4336 1206 4406 Fragen
1220 4336 1273 4389 mit
1285 4336 1349 4391 dem
1358 4336 1418 4389 lnd.
1429 4334 1532 4389 Praes.

382 4414 405 4463 6.
416 4410 585 4465 insidiarum
592 4410 751 4465 ameis‘von
761 4409 850 4465 seiten
858 4410 908 4463 der
961 4409 1131 4476 verbunden,
1146 4406 1199 4460 wie
1209 4413 1224 4473 ξ
1235 4413 1250 4460 7
1261 4409 1328 4476 quia
1338 4410 1391 4461 hue
1396 4423 1532 4475 propero·

345 4480 511 4551 Meinigen’‚
526 4481 575 4535 der
587 4481 736 4535 Ansdruek
750 4481 822 4535 ohne
837 4481 908 4534 Hin-
999 4486 1040 4534 11.
1060 4480 1114 4535 vim
1134 4478 1258 4533 ‘Strom'.

344 4551 490 4622 zuffigung
511 4552 588 4607 eines
606 4551 744 4621 Partiaips
762 4551 801 4605 ist
819 4554 907 4606 etwas
999 4553 1186 4607 raesulem
1208 4553 1270 4619 (iere
1288 4549 1450 4619 prohibebat
1470 4548 1533 4601 ‘er-

345 4623 423 4690 hart3
447 4622 502 4693 ng
525 4640 553 4692 p.
572 4622 667 4677 Plane
687 4629 719 4677 71
744 4640 818 4677 uuae
835 4625 908 4678 uitae
962 4622 1065 4676 stiekte
1078 4620 1280 4676 untethisseu
1294 4620 1370 4674 mein
1380 4618 1533 4673 Weineu’.
