3467 5317
320 441 368 507 26
664 440 809 495 Somnium
827 440 968 510 Scipionis
983 440 1033 493 Vll
1053 446 1167 495 16-17.

323 606 410 670 enim
433 604 633 688 populariter
655 626 775 669 annum
799 607 925 669 tantum
949 603 1046 669 modo
1070 604 1156 686 solis,
1179 604 1213 668 id
1233 607 1283 669 est
1300 604 1396 668 unius
1415 601 1505 685 astri,

322 693 430 758 reditu
447 693 639 779 metiuntur;
658 716 730 759 cum
751 696 858 757 eutem
877 692 918 756 ad
936 693 1030 776 idem,
1049 692 1133 758 unde
1149 693 1249 758 semel
1262 693 1406 776 profecta
1419 696 1506 773 sunt,

324 787 441 848 cuncta
476 787 563 847 astra
598 783 752 848 redierint
786 782 983 866 eandemque
1014 782 1117 846 totius
1149 782 1227 847 caeli
1261 780 1505 864 discriptionem
1621 816 1623 825 ,

325 872 434 957 longis
448 870 628 937 intervallis
642 871 835 954 rettulerint,
848 873 920 936 tum
935 869 989 935 ille
1003 891 1076 935 vere
1090 875 1217 937 vertens
1232 892 1335 936 annus
1349 868 1506 954 appellari

295 965 446 1045 spotest3
469 960 503 1024 in
527 982 591 1044 quo
614 962 669 1025 vix
692 959 798 1025 dicere
821 958 932 1038 audeo,
957 982 1053 1043 quam
1072 960 1174 1025 multa
1193 959 1360 1025 hominum
1380 959 1506 1023 saecula

328 1053 506 1114 teneantur.
546 1049 696 1133 Namque
714 1053 752 1113 ut
770 1048 846 1113 olim
868 1048 1002 1113 deficere
1021 1050 1071 1113 sol
1089 1049 1275 1115 hominibus
1294 1047 1507 1133 extinguique

327 1138 415 1203 visus
439 1142 497 1222 est,
522 1160 594 1203 cum
616 1138 749 1203 Romuli
772 1138 899 1203 animus
922 1138 1002 1202 haec
1024 1137 1095 1221 ipsa
1117 1140 1152 1203 in
1174 1138 1295 1222 templa
1316 1137 1509 1221 penetravit,
1626 1134 1627 1143 ’

327 1227 520 1311 quandoque
548 1226 588 1292 ab
617 1228 726 1291 eedem
753 1231 846 1312 parte
873 1228 922 1293 sol
946 1226 1122 1311 eodemque
1145 1232 1290 1312 tempore
1313 1226 1431 1292 iterum
1455 1225 1508 1289 00

325 1315 452 1401 fecerit,
480 1321 550 1381 tum
578 1315 680 1401 signis
704 1316 854 1381 omnibus
879 1317 919 1381 ad
941 1316 1136 1400 principium
1162 1315 1328 1400 stellisque
1350 1315 1509 1380 revocatis

283 1432 312 1473 ιο
326 1401 490 1489 expletum
519 1428 638 1470 annum
665 1405 792 1471 habeto.
840 1404 939 1470 Cuius
968 1405 1098 1489 quidem
1127 1406 1203 1471 enni
1227 1404 1372 1469 nondum
1395 1404 1508 1468 vicesi-

326 1517 414 1559 mam
437 1498 562 1577 partem
586 1496 668 1559 scito
692 1517 762 1560 esse
785 1516 980 1560 conversam.

417 1583 468 1647 17.
501 1582 660 1659 Quocirca
687 1587 714 1649 si
742 1584 882 1648 reditum
910 1584 946 1648 in
972 1583 1059 1649 hunc
1082 1583 1189 1649 locum
1214 1582 1445 1667 desperaveris,
1474 1582 1509 1646 in

327 1695 391 1757 quo
420 1674 529 1737 omnia
555 1677 631 1737 sunt
659 1672 786 1756 magnis
811 1677 843 1738 et
865 1673 1103 1756 praestantibus
1127 1672 1215 1755 viris,
1239 1672 1352 1756 quenti
1375 1670 1507 1735 tandem

326 1766 376 1827 est
408 1763 471 1826 ista
501 1762 670 1826 hominnm
704 1762 822 1849 gloria,
854 1784 936 1847 quae
969 1763 1129 1845 pertinere
1156 1762 1211 1825 vix
1239 1761 1279 1824 ad
1306 1761 1402 1825 unius
1432 1760 1509 1824 anni

283 1876 312 1918 0
327 1855 452 1933 partem
480 1851 630 1936 exiguam
659 1852 788 1934 potest?
838 1850 946 1936 lgitur
973 1852 1038 1916 alte
1066 1854 1210 1935 spectare
1238 1849 1266 1914 si
1294 1849 1383 1914 voles
1411 1852 1509 1933 atque

326 1940 410 2005 hanc
433 1939 539 2005 sedem
563 1944 596 2005 et
619 1945 782 2005 aeternam
804 1940 934 2004 domum
955 1940 1109 2022 contueri,
1131 1961 1235 2023 neque
1254 1942 1286 2004 00
1305 1936 1507 2003 sermonibus

326 2140 351 2188 et
379 2133 462 2187 10000
486 2141 512 2189 00
534 2134 653 2203 quiaque
675 2136 829 2188 ementium
853 2133 891 2186 ad
982 2132 1407 2201 7000100001000100.

326 2205 439 2259 eoadem
453 2206 524 2258 inter
532 2221 559 2259 ee
568 2207 797 2273 comparationem
808 2203 891 2273 (Stel-
982 2209 1005 2259 8.
1026 2204 1201 2273 quandoque,
1220 2202 1418 2268 archaistiseh‚
1438 2203 1508 2255 statt

328 2274 407 2345 lung)
431 2277 559 2343 confectis
583 2279 705 2331 cranium
732 2278 831 2345 spatiis
854 2283 893 2331 est
946 2277 1171 2346 quandocunque.

326 2349 404 2415 fucta
421 2349 567 2402 conversio.
606 2346 688 2401 Scine
706 2348 802 2417 Ldnge
820 2347 892 2400 wird
982 2349 1017 2402 00
1044 2347 1136 2401 eadem
1160 2352 1241 2415 paro
1269 2344 1332 2399 ‘anf
1363 2344 1510 2399 desselben

326 2416 510 2472 verschieden
524 2418 697 2488 angegeben.
721 2418 765 2471 An
777 2434 892 2472 unserer
947 2418 1043 2473 Seite’.

326 2487 414 2542 Stelle
433 2488 584 2542 berechnet
602 2488 643 2543 sie
662 2488 722 2544 sich
737 2489 789 2542 anf
803 2504 892 2560 unge·
982 2490 1072 2543 eodem
1104 2493 1232 2556 tempore,
1269 2488 1295 2540 d.
1324 2487 1342 2540 i.
1380 2504 1414 2540 00
1447 2487 1511 2540 der-

326 2558 392 2612 ffihr
411 2559 610 2615 12000Jah1a
637 2560 719 2614 Denn
739 2567 754 2626 ξ
773 2566 803 2614 10
820 2564 889 2615 extr.
945 2559 1040 2614 selben
1059 2559 1164 2629 Tages·
1182 2559 1241 2612 und
1259 2558 1422 2613 Jahresaeit.

326 2631 398 2684 wird
425 2634 538 2702 800030,
567 2630 622 2685 dab
650 2649 713 2687 vom
736 2632 813 2687 Tode
842 2633 890 2686 des
983 2637 1023 2685 10.
1038 2631 1155 2699 quidem,
1170 2631 1338 2685 adversativ.
1358 2628 1511 2700 (Anhang.)

327 2702 464 2757 Romulus
488 2707 561 2773 (716)
585 2702 628 2758 bis
652 2722 716 2758 num
739 2703 837 2769 Jahre,
860 2705 891 2757 in
983 2710 1211 2768 laconensem,
1232 2704 1510 2771 pritgnant=oon·

325 2774 379 2828 000
407 2774 457 2829 der
483 2776 586 2828 Traum
613 2775 680 2828 felli
703 2777 791 2844 (149),
818 2776 891 2828 noch
945 2777 1067 2830 amatorie
1084 2775 1213 2841 effectum,
1232 2791 1266 2826 zu
1286 2779 1328 2838 §4
1342 2774 1510 2828 converterit.

325 2844 407 2899 nicht
430 2846 476 2898 ein
500 2846 687 2915 Zwanzigstel
709 2846 759 2899 des
820 2845 892 2899 oben
983 2852 1024 2899 12.
1043 2846 1162 2899 reddam
1176 2876 1209 2885 -
1225 2845 1414 2913 desperandis.
1453 2844 1510 2898 De-

324 2915 427 2970 Jshres
441 2916 590 2971 verflossen
605 2916 653 2969 sei.
683 2916 721 2969 Es
736 2916 780 2969 sin
815 2916 892 2969 dem·
945 2916 1196 2985 operaretransitiv
1209 2916 1262 2970 mit
1277 2916 1368 2969 einem
1378 2912 1512 2983 Objekts-

327 2987 401 3041 nach
413 2987 890 3058 mindestens11340J.(20><eor).
946 2988 1097 3041 akkusativ
1125 2986 1246 3041 seltener
1273 2989 1355 3057 (00000
1387 2986 1436 3040 000
1462 3004 1510 3055 ge-

367 3064 388 3113 l.
408 3060 480 3113 enim
500 3059 642 3114 ‘freilich'.
947 3058 1124 3113 wohnliehen
1138 3059 1187 3113 de.
1200 3100 1205 3111 .
1217 3061 1234 3128 .)
1248 3059 1307 3111 und
1321 3058 1379 3113 fast
1392 3076 1445 3110 nur
1456 3057 1511 3110 mit

361 3132 534 3199 poprdaritcr
572 3130 661 3185 ‘nach
698 3129 892 3200 gewbnlichen
946 3129 1106 3184 sechlicben
1126 3128 1274 3198 Objekten.

328 3200 492 3271 0000000ν
513 3204 551 3255 im
571 3200 639 3272 Ggs.
659 3219 693 3253 nu
711 3218 770 3255 vere
788 3209 893 3256 0000000
981 3203 1013 3254 ia
1026 3219 1079 3270 000
1093 3204 1187 3255 omnio
1200 3208 1266 3256 eunt
1281 3200 1345 3255 ‘auf
1358 3199 1461 3254 welche
1476 3232 1509 3239 —

257 3317 261 3325 .
324 3289 428 3328 00000.
947 3271 1016 3325 alles
1036 3271 1153 3325 Streben
1167 3271 1308 3341 gerichtet
1321 3271 1435 3338 haben'‚
1454 3270 1507 3324 for-

364 3346 446 3407 estri,
474 3362 508 3397 au
536 3350 552 3409 ξ
576 3349 591 3396 'l
619 3344 712 3399 sidero
739 3349 764 3398 el
791 3343 890 3397 stellae.
946 3342 1078 3408 melhaft3
1097 3350 1163 3398 0001
1177 3370 1210 3389 =
1225 3346 1316 3412 posito
1333 3350 1407 3399 suat.
1443 3341 1508 3412 Leg.

364 3416 402 3469 ad
420 3416 490 3470 idem
510 3416 555 3469 ‘au
579 3414 740 3469 demselben
758 3414 892 3468 Pnnkte’.
946 3415 1020 3467 1124
1044 3422 1115 3469 caste
1134 3416 1207 3469 iubet
1225 3417 1268 3470 lec
1286 3416 1364 3470 adire
1381 3414 1420 3469 od
1438 3414 1509 3481 deos,

364 3491 389 3539 0.
404 3486 608 3555 descriptionem
619 3486 770 3557 ‘Stellnng'
784 3487 892 3556 eigent·
948 3487 1041 3542 animo
1059 3486 1189 3552 videlicet,
1208 3487 1239 3540 ia
1257 3503 1310 3555 qao
1327 3492 1393 3541 0001
1407 3486 1509 3539 mania.

326 3557 386 3614 lich
401 3584 435 3603 =
445 3558 619 3628 Verteilnng.
984 3563 1025 3611 15.
1044 3558 1146 3628 luitur,
1166 3557 1211 3611 bei
1225 3556 1281 3611 (lic.
1301 3557 1389 3611 selten
1410 3574 1446 3610 00
1460 3556 1511 3609 der

364 3637 422 3684 tum
437 3630 482 3683 dle
496 3629 592 3684 00000.
620 3628 714 3683 ‘Dann
732 3629 810 3685 kann
826 3646 893 3681 man
948 3628 1041 3697 Spitze
1062 3628 1110 3681 des
1126 3626 1221 3683 Sstzes
1240 3629 1299 3682 und
1313 3626 1397 3683 meist
1413 3645 1466 3681 nur
1480 3628 1510 3681 in

328 3700 390 3756 dies
408 3700 438 3754 in
456 3699 607 3753 Wahrheit
630 3700 712 3753 einen
730 3699 892 3753 Jebresum-
947 3697 1176 3769 syllogistischen
1190 3700 1387 3754 Deduktionen
1405 3717 1438 3753 00
1452 3699 1511 3751 An·

326 3771 394 3827 lauf
408 3773 539 3825 nennen'.
947 3770 1015 3841 fang
1033 3770 1083 3826 der
1101 3770 1256 3826 Conclusio.

365 3851 390 3896 4.
409 3850 526 3910 vertens,
550 3841 675 3910 000000,
699 3842 751 3896 wie
775 3840 840 3896 Nat.
865 3842 891 3895 d.
984 3844 1036 3899 alte
1067 3849 1186 3911 spectare
1220 3844 1291 3897 ‘den
1323 3841 1405 3895 Blick
1436 3842 1511 3896 noch

328 3914 355 3969 ll
370 3920 403 3968 03
418 3931 494 3969 enno
511 3916 567 3982 fere
584 3920 708 3968 vertente.
736 3912 891 3983 Vgl.Hom.
947 3914 1019 3968 oben
1042 3914 1173 3968 richten'.
1214 3912 1508 3983 DasGegentei159

330 3985 383 4041 Od.
397 3985 410 4038 Ι
426 3992 458 4040 16
477 3983 687 4054 περιπλομένων
706 3983 851 4039 ἐνιαυτῶν.
947 4003 1085 4055 quousque
1096 3986 1173 4040 humi
1186 3987 1278 4053 defixo
1288 3993 1337 4041 000
1350 4001 1426 4041 mene
1439 3982 1511 4038 erit?

366 4063 391 4111 0.
406 4058 516 4112 saeuae
530 4055 751 4112 ‘Gcscblechter'
768 4054 892 4125 (γενεαί).
946 4056 1010 4127 vgl.
1029 4055 1187 4111 Tusc.182
1210 4058 1288 4113 video
1313 4064 1338 4111 te
1361 4057 1415 4111 dlis
1439 4072 1511 4126 spec·

366 4134 391 4182 0.
410 4135 554 4183 matter
568 4154 601 4173 =
612 4130 805 4183 contineantur
820 4128 892 4181 ‘ent-
947 4133 1005 4183 0000
1023 4135 1048 4182 et
1065 4128 1131 4183 velle
1148 4130 1180 4182 ia
1198 4130 1303 4183 coelum
1321 4129 1448 4198 miyrore.

326 4199 428 4255 holten
447 4200 539 4253 sind’
560 4217 581 4253 s.
596 4198 669 4252 Einl.
684 4198 717 4252 A.
733 4204 775 4252 01.
985 4204 1026 4253 16.
1041 4206 1178 4254 aetenam
1197 4201 1313 4265 0000000,
1335 4198 1416 4253 Tusc.
1431 4198 1444 4251 Ι
1459 4202 1512 4252 118

366 4272 475 4338 defioere
492 4273 540 4326 sol.
571 4270 639 4339 Rep.
655 4269 728 4324 1117
748 4271 893 4339 10000000,
947 4277 979 4325 al
992 4272 1023 4325 ia
1037 4277 1177 4326 00000000
1196 4277 1220 4325 et
1235 4272 1319 4339 plane
1338 4272 1370 4324 ia
1388 4278 1511 4326 00000000

327 4359 391 4398 cum
413 4349 559 4412 00010000
585 4342 702 4412 triptota
728 4344 894 4413 0090000000
948 4342 1055 4397 doenum
1070 4342 1259 4412 remiyremus;
1278 4360 1311 4395 00
1330 4346 1372 4407 §b
1386 4342 1430 4396 bic
1445 4357 1511 4409 pre·

329 4431 420 4470 aanor
434 4457 440 4468 .
456 4454 463 4467 .
479 4456 485 4467 .
500 4420 608 4469 mnam
622 4420 660 4468 est
673 4420 838 4480 0000000000,
853 4420 893 4480 00,
947 4414 1012 4480 fecti
1028 4414 1082 4469 boc
1099 4419 1279 4470 revertuntur.

327 4486 499 4541 0000000010
515 4487 570 4540 sole
588 4486 731 4539 obscurato
748 4502 806 4539 aen
823 4502 892 4540 com·
983 4502 1016 4539 00
1036 4502 1067 4539 00
1085 4515 1119 4525 -
1138 4484 1274 4540 dedideris
1300 4483 1390 4538 ‘leihe
1417 4483 1514 4538 weder

326 4558 480 4627 punisset,
503 4557 614 4611 deorum
632 4557 664 4609 ia
681 4573 794 4612 000000
812 4558 892 4611 collo·
948 4556 1014 4610 dein
1050 4556 1085 4609 hr
1098 4555 1162 4610 dem
1177 4555 1284 4610 Gerede
1299 4557 1347 4609 des
1362 4554 1513 4625 gemeinsn

328 4636 409 4685 00000
423 4634 578 4699 putaretur.
947 4626 1073 4683 Vollies’.
